@inproceedings{janecek2008relationship,
  title={On the relationship between feature selection and classification accuracy},
  author={Janecek, Andreas and Gansterer, Wilfried and Demel, Michael and Ecker, Gerhard},
  booktitle={New challenges for feature selection in data mining and knowledge discovery},
  pages={90--105},
  year={2008}
}

@inproceedings{hu2019feature,
	title={A Feature Selection Based on Network Structure for Credit Card Default Prediction},
	author={Hu, Yanmei and Ren, Yuchun and Wang, Qiucheng},
	booktitle={CCF Conference on Computer Supported Cooperative Work and Social Computing},
	pages={275--286},
	year={2019},
	organization={Springer}
}

@inproceedings{masaeli2010transformation,
	title={From transformation-based dimensionality reduction to feature selection},
	author={Masaeli, Mahdokht and Fung, Glenn and Dy, Jennifer G},
	booktitle={ICML},
	year={2010}
}

@article{nguyen2019ten,
	title={Ten quick tips for effective dimensionality reduction},
	author={Nguyen, Lan Huong and Holmes, Susan},
	journal={PLoS computational biology},
	volume={15},
	number={6},
	pages={e1006907},
	year={2019},
	publisher={Public Library of Science San Francisco, CA USA}
}

@book{bellman2015adaptive,
	title={Adaptive control processes: a guided tour},
	author={Bellman, Richard E},
	volume={2045},
	year={2015},
	publisher={Princeton university press}
}

@article{rosenberg1994quantitative,
	title={Quantitative methods in credit management: a survey},
	author={Rosenberg, Eric and Gleit, Alan},
	journal={Operations research},
	volume={42},
	number={4},
	pages={589--613},
	year={1994},
	publisher={INFORMS}
}

@article{giudici2001bayesian,
	title={Bayesian data mining, with application to benchmarking and credit scoring},
	author={Giudici, Paolo},
	journal={Applied Stochastic Models in Business and Industry},
	volume={17},
	number={1},
	pages={69--81},
	year={2001},
	publisher={Wiley Online Library}
}

@article{lee2002credit,
	title={Credit scoring using the hybrid neural discriminant technique},
	author={Lee, Tian-Shyug and Chiu, Chih-Chou and Lu, Chi-Jie and Chen, I-Fei},
	journal={Expert Systems with applications},
	volume={23},
	number={3},
	pages={245--254},
	year={2002},
	publisher={Elsevier}
}

@article{baesens2003benchmarking,
	title={Benchmarking state-of-the-art classification algorithms for credit scoring},
	author={Baesens, Bart and Van Gestel, Tony and Viaene, Stijn and Stepanova, Maria and Suykens, Johan and Vanthienen, Jan},
	journal={Journal of the operational research society},
	volume={54},
	number={6},
	pages={627--635},
	year={2003},
	publisher={Springer}
}

@inproceedings{gilpin2018explaining,
	title={Explaining explanations: An overview of interpretability of machine learning},
	author={Gilpin, Leilani H and Bau, David and Yuan, Ben Z and Bajwa, Ayesha and Specter, Michael and Kagal, Lalana},
	booktitle={2018 IEEE 5th International Conference on data science and advanced analytics (DSAA)},
	pages={80--89},
	year={2018},
	organization={IEEE}
}

@inproceedings{mbuvha2019bayesian,
	title={Bayesian automatic relevance determination for feature selection in credit default modelling},
	author={Mbuvha, Rendani and Boulkaibet, Illyes and Marwala, Tshilidzi},
	booktitle={International Conference on Artificial Neural Networks},
	pages={420--425},
	year={2019},
	organization={Springer}
}

@article{piramuthu2004evaluating,
	title={Evaluating feature selection methods for learning in data mining applications},
	author={Piramuthu, Selwyn},
	journal={European journal of operational research},
	volume={156},
	number={2},
	pages={483--494},
	year={2004},
	publisher={Elsevier}
}

@article{kamil2014examining,
	title={Examining the role of financial intelligence quotient (FiQ) in explaining credit card usage behavior: A conceptual framework},
	author={Kamil, Nik Sari Syerina Nik and Musa, Rosidah and Sahak, Siti Zaleha},
	journal={Procedia-Social and Behavioral Sciences},
	volume={130},
	pages={568--576},
	year={2014},
	publisher={Elsevier}
}

@inproceedings{lu2017real,
	title={Real time credit card default classification using adaptive boosting-based online learning algorithm},
	author={Lu, Hongya and Wang, Haifeng and Yoon, Sang Won},
	booktitle={IIE Annual Conference. Proceedings},
	pages={422--427},
	year={2017},
	organization={Institute of Industrial and Systems Engineers (IISE)}
}

@article{agarwal2010importance,
	title={The importance of adverse selection in the credit card market: Evidence from randomized trials of credit card solicitations},
	author={Agarwal, Sumit and Chomsisengphet, Souphala and Liu, Chunlin},
	journal={Journal of Money, Credit and Banking},
	volume={42},
	number={4},
	pages={743--754},
	year={2010},
	publisher={Wiley Online Library}
}

@article{el1989comparison,
	title={Comparison of hierarchic agglomerative clustering methods for document retrieval},
	author={El-Hamdouchi, Abdelmoula and Willett, Peter},
	journal={The Computer Journal},
	volume={32},
	number={3},
	pages={220--227},
	year={1989},
	publisher={Oxford University Press}
}

@inproceedings{walter2008fast,
	title={Fast agglomerative clustering for rendering},
	author={Walter, Bruce and Bala, Kavita and Kulkarni, Milind and Pingali, Keshav},
	booktitle={2008 IEEE Symposium on Interactive Ray Tracing},
	pages={81--86},
	year={2008},
	organization={IEEE}
}

@article{thorndike1953belongs,
	title={Who belongs in the family?},
	author={Thorndike, Robert L},
	journal={Psychometrika},
	volume={18},
	number={4},
	pages={267--276},
	year={1953},
	publisher={Springer}
}

@article{ganganwar2012overview,
	title={An overview of classification algorithms for imbalanced datasets},
	author={Ganganwar, Vaishali},
	journal={International Journal of Emerging Technology and Advanced Engineering},
	volume={2},
	number={4},
	pages={42--47},
	year={2012},
	publisher={Citeseer}
}

@article{kotsiantis2006handling,
	title={Handling imbalanced datasets: A review},
	author={Kotsiantis, Sotiris and Kanellopoulos, Dimitris and Pintelas, Panayiotis and others},
	journal={GESTS International Transactions on Computer Science and Engineering},
	volume={30},
	number={1},
	pages={25--36},
	year={2006}
}

@article{lemaitre2017imbalanced,
	title={Imbalanced-learn: A python toolbox to tackle the curse of imbalanced datasets in machine learning},
	author={Lema{\^\i}tre, Guillaume and Nogueira, Fernando and Aridas, Christos K},
	journal={The Journal of Machine Learning Research},
	volume={18},
	number={1},
	pages={559--563},
	year={2017},
	publisher={JMLR. org}
}

@article{weiss2004mining,
	title={Mining with rarity: a unifying framework},
	author={Weiss, Gary M},
	journal={ACM Sigkdd Explorations Newsletter},
	volume={6},
	number={1},
	pages={7--19},
	year={2004},
	publisher={ACM New York, NY, USA}
}

@inproceedings{subasi2019prediction,
	title={Prediction of default payment of credit card clients using Data Mining Techniques},
	author={Subasi, Abdulhamit and Cankurt, Selcuk},
	booktitle={2019 International Engineering Conference (IEC)},
	pages={115--120},
	year={2019},
	organization={IEEE}
}

@article{chawla2002smote,
	title={SMOTE: synthetic minority over-sampling technique},
	author={Chawla, Nitesh V and Bowyer, Kevin W and Hall, Lawrence O and Kegelmeyer, W Philip},
	journal={Journal of artificial intelligence research},
	volume={16},
	pages={321--357},
	year={2002}
}

@article{batista2004study,
	title={A study of the behavior of several methods for balancing machine learning training data},
	author={Batista, Gustavo EAPA and Prati, Ronaldo C and Monard, Maria Carolina},
	journal={ACM SIGKDD explorations newsletter},
	volume={6},
	number={1},
	pages={20--29},
	year={2004},
	publisher={ACM New York, NY, USA}
}

@article{tomek1976two,
	title={Two Modifications of CNN},
	author={TOMEK, I},
	journal={IEEE Trans. Systems, Man and Cybernetics},
	volume={6},
	pages={769--772},
	year={1976}
}

@article{fatemi2006credit,
	title={Credit risk management: a survey of practices},
	author={Fatemi, Ali and Fooladi, Iraj},
	journal={Managerial Finance},
	year={2006},
	publisher={Emerald Group Publishing Limited}
}

@inproceedings{hsu2019enhanced,
	title={Enhanced recurrent neural network for combining static and dynamic features for credit card default prediction},
	author={Hsu, Te-Cheng and Liou, Shing-Tzuo and Wang, Yun-Ping and Huang, Yung-Shun and others},
	booktitle={ICASSP 2019-2019 IEEE International Conference on Acoustics, Speech and Signal Processing (ICASSP)},
	pages={1572--1576},
	year={2019},
	organization={IEEE}
}

@misc{ukfinance, 
	url={https://www.ukfinance.org.uk/} 
}

@article{abdi2010principal,
	title={Principal component analysis},
	author={Abdi, Herv{\'e} and Williams, Lynne J},
	journal={Wiley interdisciplinary reviews: computational statistics},
	volume={2},
	number={4},
	pages={433--459},
	year={2010},
	publisher={Wiley Online Library}
}

@article{jolliffe2016principal,
	title={Principal component analysis: a review and recent developments},
	author={Jolliffe, Ian T and Cadima, Jorge},
	journal={Philosophical Transactions of the Royal Society A: Mathematical, Physical and Engineering Sciences},
	volume={374},
	number={2065},
	pages={20150202},
	year={2016},
	publisher={The Royal Society Publishing}
}
	
@article{rousseeuw1987silhouettes,
	title={Silhouettes: a graphical aid to the interpretation and validation of cluster analysis},
	author={Rousseeuw, Peter J},
	journal={Journal of computational and applied mathematics},
	volume={20},
	pages={53--65},
	year={1987},
	publisher={Elsevier}
}

@article{yeh2009comparisons,
	title={The comparisons of data mining techniques for the predictive accuracy of probability of default of credit card clients},
	author={Yeh, I-Cheng and Lien, Che-hui},
	journal={Expert Systems with Applications},
	volume={36},
	number={2},
	pages={2473--2480},
	year={2009},
	publisher={Elsevier}
}

@book{mays1998credit,
	title={Credit risk modeling: Design and application},
	author={Mays, Elizabeth},
	year={1998},
	publisher={Global Professional Publishi}
}

@article{baesens2003benchmarking,
	title={Benchmarking state-of-the-art classification algorithms for credit scoring},
	author={Baesens, Bart and Van Gestel, Tony and Viaene, Stijn and Stepanova, Maria and Suykens, Johan and Vanthienen, Jan},
	journal={Journal of the operational research society},
	volume={54},
	number={6},
	pages={627--635},
	year={2003},
	publisher={Springer}
}

@article{li2006evaluation,
	title={The evaluation of consumer loans using support vector machines},
	author={Li, Sheng-Tun and Shiue, Weissor and Huang, Meng-Huah},
	journal={Expert Systems with Applications},
	volume={30},
	number={4},
	pages={772--782},
	year={2006},
	publisher={Elsevier}
}

@article{huang2004credit,
	title={Credit rating analysis with support vector machines and neural networks: a market comparative study},
	author={Huang, Zan and Chen, Hsinchun and Hsu, Chia-Jung and Chen, Wun-Hwa and Wu, Soushan},
	journal={Decision support systems},
	volume={37},
	number={4},
	pages={543--558},
	year={2004},
	publisher={Elsevier}
}

@article{bellotti2009support,
	title={Support vector machines for credit scoring and discovery of significant features},
	author={Bellotti, Tony and Crook, Jonathan},
	journal={Expert systems with applications},
	volume={36},
	number={2},
	pages={3302--3308},
	year={2009},
	publisher={Elsevier}
}

@article{hand1997statistical,
	title={Statistical classification methods in consumer credit scoring: a review},
	author={Hand, David J and Henley, William E},
	journal={Journal of the Royal Statistical Society: Series A (Statistics in Society)},
	volume={160},
	number={3},
	pages={523--541},
	year={1997},
	publisher={Wiley Online Library}
}

@article{koutanaei2015hybrid,
	title={A hybrid data mining model of feature selection algorithms and ensemble learning classifiers for credit scoring},
	author={Koutanaei, Fatemeh Nemati and Sajedi, Hedieh and Khanbabaei, Mohammad},
	journal={Journal of Retailing and Consumer Services},
	volume={27},
	pages={11--23},
	year={2015},
	publisher={Elsevier}
}